% DATASETS: 
@inproceedings{johnson2017clevr,
  title={Clevr: A diagnostic dataset for compositional language and elementary visual reasoning},
  author={Johnson, Justin and Hariharan, Bharath and Van Der Maaten, Laurens and Fei-Fei, Li and Lawrence Zitnick, C and Girshick, Ross},
  booktitle={Proc. of Conference on Computer Vision and Pattern Recognition (CVPR)},
  year={2017}
}
@article{bahdanau2019closure,
  title={Closure: Assessing systematic generalization of clevr models},
  author={Bahdanau, Dzmitry and de Vries, Harm and O'Donnell, Timothy J and Murty, Shikhar and Beaudoin, Philippe and Bengio, Yoshua and Courville, Aaron},
  journal={Visually Grounded Interaction and Language (ViGIL)},
  year={2019}
}
@inproceedings{kottur2019clevr,
    title = "{CLEVR}-Dialog: A Diagnostic Dataset for Multi-Round Reasoning in Visual Dialog",
    author = "Kottur, Satwik  and
      Moura, Jos{\'e} M. F.  and
      Parikh, Devi  and
      Batra, Dhruv  and
      Rohrbach, Marcus",
    booktitle = "Proc. of the North American Chapter of the Association for Computational Linguistics (NAACL)",
    year = "2019",
}

@inproceedings{goyal2017making,
  title={Making the v in vqa matter: Elevating the role of image understanding in visual question answering},
  author={Goyal, Yash and Khot, Tejas and Summers-Stay, Douglas and Batra, Dhruv and Parikh, Devi},
  booktitle={Proc. of Conference on Computer Vision and Pattern Recognition (CVPR)},
  year={2017}
}

@InProceedings{Lu_2020_CVPR,
author = {Lu, Jiasen and Goswami, Vedanuj and Rohrbach, Marcus and Parikh, Devi and Lee, Stefan},
title = {12-in-1: Multi-Task Vision and Language Representation Learning},
  booktitle={Proc. of Conference on Computer Vision and Pattern Recognition (CVPR)},
year = {2020}
}

@inproceedings{lin2014microsoft,
  title={Microsoft coco: Common objects in context},
  author={Lin, Tsung-Yi and Maire, Michael and Belongie, Serge and Hays, James and Perona, Pietro and Ramanan, Deva and Doll{\'a}r, Piotr and Zitnick, C Lawrence},
  booktitle={Proc. of European Conference on Computer Vision (ECCV)},
  year={2014},
}
@inproceedings{mostafazadeh2016generating,
  title={Generating natural questions about an image},
  author={Mostafazadeh, Nasrin and Misra, Ishan and Devlin, Jacob and Mitchell, Margaret and He, Xiaodong and Vanderwende, Lucy},
  booktitle={Proc. of Association for Computational Linguistics (ACL)},
  year={2016}
}
@inproceedings{jain2017creativity,
  title={Creativity: Generating diverse questions using variational autoencoders},
  author={Jain, Unnat and Zhang, Ziyu and Schwing, Alexander G},
  booktitle={Proc. of Conference on Computer Vision and Pattern Recognition (CVPR)},
  year={2017}
}
@article{ferrucci2012introduction,
  title={Introduction to “this is watson”},
  author={Ferrucci, David A},
  journal={IBM Journal of Research and Development},
  volume={56},
  number={3.4},
  pages={1--1},
  year={2012},
  publisher={IBM}
}
@inproceedings{rajpurkar2018know,
  title={Know what you don't know: Unanswerable questions for SQuAD},
  author={Rajpurkar, Pranav and Jia, Robin and Liang, Percy},
  journal={Proc. of Association for Computational Linguistics (ACL)},
  year={2018}
}

% algos & models. 
@article{schulman2017proximal,
  title={Proximal policy optimization algorithms},
  author={Schulman, John and Wolski, Filip and Dhariwal, Prafulla and Radford, Alec and Klimov, Oleg},
  journal={arXiv preprint arXiv:1707.06347},
  year={2017}
}% autre version pas trouvée. 
@inproceedings{kingma2014adam,
  title={Adam: A method for stochastic optimization},
  author={Kingma, Diederik P and Ba, Jimmy},
  booktitle={Proceedings of the International Conference on Learning Representations (ICLR)},
  year={2014}
}
@article{hochreiter1997long,
  title={Long short-term memory},
  author={Hochreiter, Sepp and Schmidhuber, J{\"u}rgen},
  journal={Neural computation},
  volume={9},
  number={8},
  pages={1735--1780},
  year={1997},
  publisher={MIT Press}
}
@book{sutton1998introduction,
  title={Introduction to reinforcement learning},
  author={Sutton, Richard S and Barto, Andrew G and others},
  volume={135},
  year={1998},
  publisher={MIT press Cambridge}
}
@article{williams1992simple,
  title={Simple statistical gradient-following algorithms for connectionist reinforcement learning},
  author={Williams, Ronald J},
  journal={Machine learning},
  volume={8},
  number={3-4},
  pages={229--256},
  year={1992},
  publisher={Springer}
}
@inproceedings{ren2015faster,
  title={Faster r-cnn: Towards real-time object detection with region proposal networks},
  author={Ren, Shaoqing and He, Kaiming and Girshick, Ross and Sun, Jian},
  booktitle = {Proc. of Neural Information Processing Systems (NIPS)},
  year={2015}
}
@inproceedings{schaul2015universal,
  title={Universal value function approximators},
  author={Schaul, Tom and Horgan, Daniel and Gregor, Karol and Silver, David},
  booktitle={Proc. of International Conference on Machine Learning (ICML)},
  year={2015},
}
@inproceedings{sutton1999policy,
  title={Policy gradient methods for reinforcement learning with function approximation.},
  author={Sutton, Richard S and McAllester, David A and Singh, Satinder P and Mansour, Yishay and others},
  booktitle = {Proc. of Neural Information Processing Systems (NIPS)},
  year={1999},
}
@inproceedings{geist2019theory,
  title={A Theory of Regularized Markov Decision Processes},
  author={Geist, Matthieu and Scherrer, Bruno and Pietquin, Olivier},
  booktitle={Proc of. International Conference on Machine Learning (ICML)},
  year={2019}
  
}@inproceedings{mnih2016asynchronous,
  title={Asynchronous methods for deep reinforcement learning},
  author={Mnih, Volodymyr and Badia, Adria Puigdomenech and Mirza, Mehdi and Graves, Alex and Lillicrap, Timothy and Harley, Tim and Silver, David and Kavukcuoglu, Koray},
  booktitle={Proc. of International Conference on Machine Learning (ICML)},
  year={2016}
}
@inproceedings{ahmed2019understanding,
  title={Understanding the impact of entropy on policy optimization},
  author={Ahmed, Zafarali and Le Roux, Nicolas and Norouzi, Mohammad and Schuurmans, Dale},
  booktitle={Proc. of International Conference on Machine Learning (ICML)},
  year={2019},
}
@inproceedings{schulman2015high,
  title={High-Dimensional Continuous Control Using Generalized Advantage Estimation},
  author={John Schulman and Philipp Moritz and Sergey Levine and Michael Jordan and Pieter Abbeel},
  booktitle={Proceedings of the International Conference on Learning Representations (ICLR)},
  year={2016}
}

@inproceedings{espeholt2018impala,
  title={Impala: Scalable distributed deep-rl with importance weighted actor-learner architectures},
  author={Espeholt, Lasse and Soyer, Hubert and Munos, Remi and Simonyan, Karen and Mnih, Vlad and Ward, Tom and Doron, Yotam and Firoiu, Vlad and Harley, Tim and Dunning, Iain and others},
  booktitle={Proc. of International Conference on Machine Learning (ICML)},
  year={2018},
}
@inproceedings{perez2018film,
  title={Film: Visual reasoning with a general conditioning layer},
  author={Perez, Ethan and Strub, Florian and De Vries, Harm and Dumoulin, Vincent and Courville, Aaron},
  booktitle={Proc. of the Conference on Artificial Intelligence (AAAI)},
  year={2018}
}
@inproceedings{andreas2016neural,
  title={Neural module networks},
  author={Andreas, Jacob and Rohrbach, Marcus and Darrell, Trevor and Klein, Dan},
  booktitle={Proc. of Conference on Computer Vision and Pattern Recognition (CVPR)},
  year={2016}
}
@phdthesis{leblond2018asynchronous,
  title={Asynchronous optimization for machine learning},
  author={Leblond, R{\'e}mi},
  year={2018},
  school={PSL Research University}
}

% OFF-POLiCY PG algos. 
@article{degris2012off,
  title={Off-policy actor-critic},
  author={Degris, Thomas and White, Martha and Sutton, Richard S},
  journal={arXiv preprint arXiv:1205.4839},
  year={2012}
}
@inproceedings{munos2016safe,
  title={Safe and efficient off-policy reinforcement learning},
  author={Munos, R{\'e}mi and Stepleton, Tom and Harutyunyan, Anna and Bellemare, Marc G},
  booktitle = {Proc. of Neural Information Processing Systems (NIPS)},
  year={2016}
}
@inproceedings{wang2016sample,
  title={Sample efficient actor-critic with experience replay},
  author={Wang, Ziyu and Bapst, Victor and Heess, Nicolas and Mnih, Volodymyr and Munos, Remi and Kavukcuoglu, Koray and de Freitas, Nando},
  booktitle = {Proceedings of the International Conference on Learning Representations (ICLR)},
  year={2016}
}
@inproceedings{schlegel2019importance,
  title={Importance resampling for off-policy prediction},
  author={Schlegel, Matthew and Chung, Wesley and Graves, Daniel and Qian, Jian and White, Martha},
  booktitle = {Proc. of Neural Information Processing Systems (NeurIPS)},
  year={2019}
}

% Language Models
@article{radford2019language,
  title={Language models are unsupervised multitask learners},
  author={Radford, Alec and Wu, Jeffrey and Child, Rewon and Luan, David and Amodei, Dario and Sutskever, Ilya},
  journal={OpenAI blog},
  volume={1},
  number={8},
  pages={9},
  year={2019}
}
@inproceedings{brown2020language,
  title={Language models are few-shot learners},
  author={Brown, Tom B and Mann, Benjamin and Ryder, Nick and Subbiah, Melanie and Kaplan, Jared and Dhariwal, Prafulla and Neelakantan, Arvind and Shyam, Pranav and Sastry, Girish and Askell, Amanda and others},
  booktitle = {Proc. of Neural Information Processing Systems (NeurIPS)},
  year={2020}
}
@inproceedings{holtzman2019curious,
  title={The curious case of neural text degeneration},
  author={Holtzman, Ari and Buys, Jan and Du, Li and Forbes, Maxwell and Choi, Yejin},
  booktitle = {Proceedings of the International Conference on Learning Representations (ICLR)},
  year={2019}
}
@inproceedings{ranzato2015sequence,
  title={Sequence level training with recurrent neural networks},
  author={Ranzato, Marc'Aurelio and Chopra, Sumit and Auli, Michael and Zaremba, Wojciech},
  booktitle = {Proceedings of the International Conference on Learning Representations (ICLR)},
  year={2016}
}
@inproceedings{bengio2015scheduled,
  title={Scheduled sampling for sequence prediction with recurrent neural networks},
  author={Bengio, Samy and Vinyals, Oriol and Jaitly, Navdeep and Shazeer, Noam},
  booktitle = {Proc. of Neural Information Processing Systems (NIPS)},
  year={2015}
}
@inproceedings{lu2020countering,
      title={Countering Language Drift with Seeded Iterated Learning}, 
      author={Yuchen Lu and Soumye Singhal and Florian Strub and Olivier Pietquin and Aaron Courville},
      booktitle={Proc. of International Conference on Machine Learning (ICML)},
      year={2020},
}
@inproceedings{lu2020supervised,
  title={Supervised Seeded Iterated Learning for Interactive Language Learning},
  author={Lu, Yuchen and Singhal, Soumye and Strub, Florian and Pietquin, Olivier and Courville, Aaron},
  booktitle={Proc. of Empirical Methods in Natural Language Processing (EMNLP)},
  year={2020}
}

@inproceedings{luketina2019survey,
  title={A survey of reinforcement learning informed by natural language},
  author={Luketina, Jelena and Nardelli, Nantas and Farquhar, Gregory and Foerster, Jakob and Andreas, Jacob and Grefenstette, Edward and Whiteson, Shimon and Rockt{\"a}schel, Tim},
    booktitle = {Proc. of International Joint Conferences on Artificial Intelligence (IJCAI)},
  year={2019}
}

@inproceedings{li2015diversity,
  title={A diversity-promoting objective function for neural conversation models},
  author={Li, Jiwei and Galley, Michel and Brockett, Chris and Gao, Jianfeng and Dolan, Bill},
  booktitle = "Proc. of the North American Chapter of the Association for Computational Linguistics (NAACL)",
  year={2015}
}
@inproceedings{chen2020recall,
  title={Recall and learn: Fine-tuning deep pretrained language models with less forgetting},
  author={Chen, Sanyuan and Hou, Yutai and Cui, Yiming and Che, Wanxiang and Liu, Ting and Yu, Xiangzhan},
  booktitle={Proc. of Empirical Methods in Natural Language Processing (EMNLP)},
  year={2020}
}
@phdthesis{ruder2019neural,
  title={Neural transfer learning for natural language processing},
  author={Ruder, Sebastian},
  year={2019},
  school={NUI Galway}
}
@inproceedings{peters2019tune,
  title={To tune or not to tune? adapting pretrained representations to diverse tasks},
  author={Peters, Matthew E and Ruder, Sebastian and Smith, Noah A},
  booktitle={Proc. of Association for Computational Linguistics (ACL)},
  year={2019}
}
@article{wolf2019transfertransfo,
  title={Transfertransfo: A transfer learning approach for neural network based conversational agents},
  author={Wolf, Thomas and Sanh, Victor and Chaumond, Julien and Delangue, Clement},
  journal={arXiv preprint arXiv:1901.08149},
  year={2019}
}
@inproceedings{wu2019alternating,
  title={Alternating roles dialog model with large-scale pre-trained language models},
  author={Wu, Qingyang and Zhang, Yichi and Li, Yu and Yu, Zhou},
  booktitle={Proc. of European Association for Computational Linguistics (EACL)},
  year={2019}
}
@inproceedings{saleh2020hierarchical,
  title={Hierarchical reinforcement learning for open-domain dialog},
  author={Saleh, Abdelrhman and Jaques, Natasha and Ghandeharioun, Asma and Shen, Judy and Picard, Rosalind},
  booktitle={Proc. of Conference on Artificial Intelligence (AAAI)},
  year={2020}
}
@inproceedings{jaques2020human,
  title={Human-centric dialog training via offline reinforcement learning},
  author={Jaques, Natasha and Shen, Judy Hanwen and Ghandeharioun, Asma and Ferguson, Craig and Lapedriza, Agata and Jones, Noah and Gu, Shixiang Shane and Picard, Rosalind},
  booktitle={Proc. of Empirical Methods in Natural Language Processing (EMNLP)},
  year={2020}
}
@inproceedings{caccia2018language,
  title={Language gans falling short},
  author={Caccia, Massimo and Caccia, Lucas and Fedus, William and Larochelle, Hugo and Pineau, Joelle and Charlin, Laurent},
  booktitle = {Proceedings of the International Conference on Learning Representations (ICLR)},
  year={2018}
}



% MISC.
@inproceedings{xu2015show,
  title={Show, attend and tell: Neural image caption generation with visual attention},
  author={Xu, Kelvin and Ba, Jimmy and Kiros, Ryan and Cho, Kyunghyun and Courville, Aaron and Salakhudinov, Ruslan and Zemel, Rich and Bengio, Yoshua},
  booktitle={Proc. of International conference on machine learning (ICML)},
  year={2015},
}
@inproceedings{bahdanau2014neural,
  title={Neural machine translation by jointly learning to align and translate},
  author={Bahdanau, Dzmitry and Cho, Kyunghyun and Bengio, Yoshua},
  booktitle = {Proc. of the International Conference on Learning Representations (ICLR)},
  year={2015}
}


% METRICS / EVALUATION.
@inproceedings{papineni2002bleu,
  title={Bleu: a method for automatic evaluation of machine translation},
  author={Papineni, Kishore and Roukos, Salim and Ward, Todd and Zhu, Wei-Jing},
  booktitle={Proc. of the Association for Computational Linguistics (ACL)},
  year={2002}
}
@inproceedings{banerjee2005meteor,
  title={METEOR: An automatic metric for MT evaluation with improved correlation with human judgments},
  author={Banerjee, Satanjeev and Lavie, Alon},
  booktitle={Proc. of ACL Workshop on intrinsic and extrinsic evaluation measures for machine translation and/or summarization},
  year={2005}
}
@inproceedings{vedantam2015cider,
  title={Cider: Consensus-based image description evaluation},
  author={Vedantam, Ramakrishna and Lawrence Zitnick, C and Parikh, Devi},
  booktitle={Proc. of Conference on Computer Vision and Pattern Recognition (CVPR)},
  year={2015}
}
@inproceedings{liu2016not,
  title={How not to evaluate your dialogue system: An empirical study of unsupervised evaluation metrics for dialogue response generation},
  author={Liu, Chia-Wei and Lowe, Ryan and Serban, Iulian V and Noseworthy, Michael and Charlin, Laurent and Pineau, Joelle},
  booktitle={Proc. of Empirical Methods in Natural Language Processing (EMNLP)},
  year={2016}
}
@inproceedings{choshen2020weaknesses,
      title={On the Weaknesses of Reinforcement Learning for Neural Machine Translation}, 
      author={Leshem Choshen and Lior Fox and Zohar Aizenbud and Omri Abend},
      year={2020},
  booktitle = {Proc. of the International Conference on Learning Representations (ICLR)},
}

@inproceedings{zhang2020trading,
  title={Trading off diversity and quality in natural language generation},
  author={Zhang, Hugh and Duckworth, Daniel and Ippolito, Daphne and Neelakantan, Arvind},
  booktitle={Proc. of European Association for Computational Linguistics (EACL)},
  year={2020}
}
@article{ramesh2021zero,
  title={Zero-shot text-to-image generation},
  author={Ramesh, Aditya and Pavlov, Mikhail and Goh, Gabriel and Gray, Scott and Voss, Chelsea and Radford, Alec and Chen, Mark and Sutskever, Ilya},
  journal={arXiv preprint arXiv:2102.12092},
  year={2021}
}
@inproceedings{razavi2019generating,
  title={Generating diverse high-fidelity images with vq-vae-2},
  author={Razavi, Ali and Oord, Aaron van den and Vinyals, Oriol},
  booktitle = {Proc. of Neural Information Processing Systems (NeurIPS)},
  year={2019}
}
@article{lester2021power,
  title={The Power of Scale for Parameter-Efficient Prompt Tuning},
  author={Lester, Brian and Al-Rfou, Rami and Constant, Noah},
  journal={arXiv preprint arXiv:2104.08691},
  year={2021}
}


% RELATED WORKS
@inproceedings{bahdanau2016actor,
  title={An actor-critic algorithm for sequence prediction},
  author={Bahdanau, Dzmitry and Brakel, Philemon and Xu, Kelvin and Goyal, Anirudh and Lowe, Ryan and Pineau, Joelle and Courville, Aaron and Bengio, Yoshua},
  booktitle = {Proc. of the International Conference on Learning Representations (ICLR)},
  year={2016}
}
@inproceedings{ammanabrolu2018playing,
  title={Playing text-adventure games with graph-based deep reinforcement learning},
  author={Ammanabrolu, Prithviraj and Riedl, Mark O},
  booktitle = "Proc. of the North American Chapter of the Association for Computational Linguistics (NAACL)",
  year={2018}
}
@inproceedings{yao2020keep,
  title={Keep CALM and Explore: Language Models for Action Generation in Text-based Games},
  author={Yao, Shunyu and Rao, Rohan and Hausknecht, Matthew and Narasimhan, Karthik},
  booktitle={Proc. of Empirical Methods in Natural Language Processing (EMNLP)},
  year={2020}
}
@inproceedings{zahavy2018learn,
  title={Learn what not to learn: Action elimination with deep reinforcement learning},
  author={Zahavy, Tom and Haroush, Matan and Merlis, Nadav and Mankowitz, Daniel J and Mannor, Shie},
  booktitle = {Proc. of Neural Information Processing Systems (NeurIPS)},
  year={2018}
}
@article{ammanabrolu2020avoid,
  title={How to avoid being eaten by a grue: Structured exploration strategies for textual worlds},
  author={Ammanabrolu, Prithviraj and Tien, Ethan and Hausknecht, Matthew and Riedl, Mark O},
  journal={arXiv preprint arXiv:2006.07409},
  year={2020}
}
@inproceedings{lazaridou2020multi,
  title={Multi-agent communication meets natural language: Synergies between functional and structural language learning},
  author={Lazaridou, Angeliki and Potapenko, Anna and Tieleman, Olivier},
  booktitle={Proc. of Association for Computational Linguistics (ACL)},
  year={2020}
}
% RW: RL & NLP TASKS. 
@inproceedings{das2017learning,
  title={Learning cooperative visual dialog agents with deep reinforcement learning},
  author={Das, Abhishek and Kottur, Satwik and Moura, Jos{\'e} MF and Lee, Stefan and Batra, Dhruv},
  booktitle={Proc. of International Conference on Computer Vision (ICCV)},
  year={2017}
}
@inproceedings{li2016deep,
  title={Deep reinforcement learning for dialogue generation},
  author={Li, Jiwei and Monroe, Will and Ritter, Alan and Galley, Michel and Gao, Jianfeng and Jurafsky, Dan},
  booktitle={Proc. of Empirical Methods in Natural Language Processing (EMNLP)},
  year={2016}
}
@article{ziegler2019fine,
  title={Fine-tuning language models from human preferences},
  author={Ziegler, Daniel M and Stiennon, Nisan and Wu, Jeffrey and Brown, Tom B and Radford, Alec and Amodei, Dario and Christiano, Paul and Irving, Geoffrey},
  journal={arXiv preprint arXiv:1909.08593},
  year={2019}
}
@inproceedings{zhang2017adversarial,
      title={Adversarial Feature Matching for Text Generation}, 
      author={Yizhe Zhang and Zhe Gan and Kai Fan and Zhi Chen and Ricardo Henao and Dinghan Shen and Lawrence Carin},
      year={2017},
     booktitle={Proc. of International Conference on Machine Learning (ICML)},
}
@inproceedings{narasimhan2015language,
  title={Language understanding for text-based games using deep reinforcement learning},
  author={Narasimhan, Karthik and Kulkarni, Tejas and Barzilay, Regina},
  booktitle={Proc. of Empirical Methods in Natural Language Processing (EMNLP)},
  year={2015}
}
@inproceedings{adolphs2020ledeepchef,
  title={Ledeepchef deep reinforcement learning agent for families of text-based games},
  author={Adolphs, Leonard and Hofmann, Thomas},
  booktitle={Proc. of the Conference on Artificial Intelligence (AAAI)},
  year={2020}
}
@inproceedings{lemon2007machine,
  title={Machine learning for spoken dialogue systems},
  author={Lemon, Oliver and Pietquin, Olivier},
  booktitle={Proc. of Conference of the International Speech Communication Association (ISCA)},
  year={2007}
}
@article{singh2002optimizing,
  title={Optimizing dialogue management with reinforcement learning: Experiments with the NJFun system},
  author={Singh, Satinder and Litman, Diane and Kearns, Michael and Walker, Marilyn},
  journal={Journal of Artificial Intelligence Research},
  volume={16},
  pages={105--133},
  year={2002}
}
@inproceedings{young2006using,
  title={Using POMDPs for dialog management},
  author={Young, Steve},
  booktitle={IEEE Spoken Language Technology Workshop},
  year={2006},
}
@article{pietquin2006probabilistic,
  title={A probabilistic framework for dialog simulation and optimal strategy learning},
  author={Pietquin, Olivier and Dutoit, Thierry},
  journal={IEEE Transactions on Audio, Speech, and Language Processing},
  volume={14},
  number={2},
  pages={589--599},
  year={2006},
  publisher={IEEE}
}
@inproceedings{lewis2017deal,
  title={Deal or no deal? end-to-end learning for negotiation dialogues},
  author={Lewis, Mike and Yarats, Denis and Dauphin, Yann N and Parikh, Devi and Batra, Dhruv},
  booktitle={Proc. of Empirical Methods in Natural Language Processing (EMNLP)},
  year={2017}
}
@inproceedings{de2017guesswhat,
  title={Guesswhat?! visual object discovery through multi-modal dialogue},
  author={De Vries, Harm and Strub, Florian and Chandar, Sarath and Pietquin, Olivier and Larochelle, Hugo and Courville, Aaron},
  booktitle={Proc. of Conference on Computer Vision and Pattern Recognition (CVPR)},
  year={2017}
}
@inproceedings{das2017visual,
  title={Visual dialog},
  author={Das, Abhishek and Kottur, Satwik and Gupta, Khushi and Singh, Avi and Yadav, Deshraj and Moura, Jos{\'e} MF and Parikh, Devi and Batra, Dhruv},
  booktitle={Proc. of Conference on Computer Vision and Pattern Recognition (CVPR)},
  year={2017}
}
@inproceedings{strub2017end,
  title={End-to-end optimization of goal-driven and visually grounded dialogue systems},
  author={Strub, Florian and De Vries, Harm and Mary, J{\'e}r{\'e}mie and Piot, Bilal and Courville, Aaron and Pietquin, Olivier},
    booktitle = {Proc. of International Joint Conferences on Artificial Intelligence (IJCAI)},
  year={2017}
}
@inproceedings{lee2017automatic,
  title={Automatic text summarization using reinforcement learning with embedding features},
  author={Lee, Gyoung Ho and Lee, Kong Joo},
  booktitle={Proc. of the International Joint Conference on Natural Language Processing (IJCNLP)},
  year={2017}
}
@inproceedings{rennie2017self,
  title={Self-critical sequence training for image captioning},
  author={Rennie, Steven J and Marcheret, Etienne and Mroueh, Youssef and Ross, Jerret and Goel, Vaibhava},
  booktitle={Proc. of Conference on Computer Vision and Pattern Recognition (CVPR)},
  year={2017}
}
@article{stiennon2020learning,
  title={Learning to summarize from human feedback},
  author={Stiennon, Nisan and Ouyang, Long and Wu, Jeff and Ziegler, Daniel M and Lowe, Ryan and Voss, Chelsea and Radford, Alec and Amodei, Dario and Christiano, Paul},
  journal={arXiv preprint arXiv:2009.01325},
  year={2020}
}
@inproceedings{li2017paraphrase,
  title={Paraphrase generation with deep reinforcement learning},
  author={Li, Zichao and Jiang, Xin and Shang, Lifeng and Li, Hang},
  booktitle={Proc. of Empirical Methods in Natural Language Processing (EMNLP)},
  year={2018}
}
@inproceedings{paulus2017deep,
  title={A deep reinforced model for abstractive summarization},
  author={Paulus, Romain and Xiong, Caiming and Socher, Richard},
  booktitle = {Proc. of the International Conference on Learning Representations (ICLR)},
  year={2017}
}
@inproceedings{ren2017deep,
  title={Deep reinforcement learning-based image captioning with embedding reward},
  author={Ren, Zhou and Wang, Xiaoyu and Zhang, Ning and Lv, Xutao and Li, Li-Jia},
  booktitle={Proc. of Conference on Computer Vision and Pattern Recognition (CVPR)},
  year={2017}
}
@article{guo2015generating,
  title={Generating text with deep reinforcement learning},
  author={Guo, Hongyu},
  journal={arXiv preprint arXiv:1510.09202},
  year={2015}
}
@inproceedings{he2016deep,
      title={Deep Reinforcement Learning with a Natural Language Action Space}, 
      author={Ji He and Jianshu Chen and Xiaodong He and Jianfeng Gao and Lihong Li and Li Deng and Mari Ostendorf},
      year={2016},
  booktitle={Proc. of Association for Computational Linguistics (ACL)},
}
@inproceedings{tennenholtz2019natural,
      title={The Natural Language of Actions}, 
      author={Guy Tennenholtz and Shie Mannor},
      year={2019},
     booktitle={Proc. of International Conference on Machine Learning (ICML)},
}
@inproceedings{chandak2019learning,
      title={Learning Action Representations for Reinforcement Learning}, 
      author={Yash Chandak and Georgios Theocharous and James Kostas and Scott Jordan and Philip S. Thomas},
      year={2019},
     booktitle={Proc. of International Conference on Machine Learning (ICML)},
}

@inproceedings{seurin2020im,
  title={" I’m Sorry Dave, I’m Afraid I Can’t Do That" Deep Q-Learning from Forbidden Actions},
  author={Seurin, Mathieu and Preux, Philippe and Pietquin, Olivier},
  booktitle={Proc. of the International Joint Conference on Neural Networks (IJCNN)},
  year={2020},
}

@article{dulac2015deep,
  title={Deep reinforcement learning in large discrete action spaces},
  author={Dulac-Arnold, Gabriel and Evans, Richard and van Hasselt, Hado and Sunehag, Peter and Lillicrap, Timothy and Hunt, Jonathan and Mann, Timothy and Weber, Theophane and Degris, Thomas and Coppin, Ben},
  journal={arXiv preprint arXiv:1512.07679},
  year={2015}
}
@article{tao2018towards,
  title={Towards solving text-based games by producing adaptive action spaces},
  author={Tao, Ruo Yu and C{\^o}t{\'e}, Marc-Alexandre and Yuan, Xingdi and Asri, Layla El},
  journal={arXiv preprint arXiv:1812.00855},
  year={2018}
}
@article{jaques2019way,
  title={Way off-policy batch deep reinforcement learning of implicit human preferences in dialog},
  author={Jaques, Natasha and Ghandeharioun, Asma and Shen, Judy Hanwen and Ferguson, Craig and Lapedriza, Agata and Jones, Noah and Gu, Shixiang and Picard, Rosalind},
  journal={arXiv preprint arXiv:1907.00456},
  year={2019}
}
@article{patil2020visual,
  title={Visual Question Generation: The State of the Art},
  author={Patil, Charulata and Patwardhan, Manasi},
  journal={ACM Computing Surveys (CSUR)},
  volume={53},
  number={3},
  pages={1--22},
  year={2020},
  publisher={ACM New York, NY, USA}
}
@inproceedings{fan2018reinforcement,
  title={A reinforcement learning framework for natural question generation using bi-discriminators},
  author={Fan, Zhihao and Wei, Zhongyu and Wang, Siyuan and Liu, Yang and Huang, Xuan-Jing},
  booktitle={Proc. of the International Conference on Computational Linguistics (ICCL)},
  year={2018}
}
@inproceedings{yang2018visual,
  title={Visual curiosity: Learning to ask questions to learn visual recognition},
  author={Yang, Jianwei and Lu, Jiasen and Lee, Stefan and Batra, Dhruv and Parikh, Devi},
  booktitle={Proc. of International Conference on Machine Learning (ICML)},
  year={2018}
}
@article{garg2021unsupervised,
  title={Unsupervised Contextual Paraphrase Generation using Lexical Control and Reinforcement Learning},
  author={Garg, Sonal and Prabhu, Sumanth and Misra, Hemant and Srinivasaraghavan, G},
  journal={arXiv preprint arXiv:2103.12777},
  year={2021}
}
@inproceedings{parisotto2020stabilizing,
  title={Stabilizing transformers for reinforcement learning},
  author={Parisotto, Emilio and Song, Francis and Rae, Jack and Pascanu, Razvan and Gulcehre, Caglar and Jayakumar, Siddhant and Jaderberg, Max and Kaufman, Raphael Lopez and Clark, Aidan and Noury, Seb and others},
  booktitle={Proc. of International Conference on Machine Learning (ICML)},
  year={2020}
}

@inproceedings{yu2017seqgan,
  title={Seqgan: Sequence generative adversarial nets with policy gradient},
  author={Yu, Lantao and Zhang, Weinan and Wang, Jun and Yu, Yong},
  booktitle={Proc. of the Conference on Artificial Intelligence (AAAI)},
  year={2017}
}




% TEMPERATURE SCHEDULE: 
@article{wang2020contextual,
  title={Contextual Temperature for Language Modeling},
  author={Wang, Pei-Hsin and Hsieh, Sheng-Iou and Chang, Shih-Chieh and Chen, Yu-Ting and Pan, Jia-Yu and Wei, Wei and Juan, Da-Chang},
  journal={arXiv preprint arXiv:2012.13575},
  year={2020}
}
@article{zhang2018heated,
  title={Heated-up softmax embedding},
  author={Zhang, Xu and Yu, Felix Xinnan and Karaman, Svebor and Zhang, Wei and Chang, Shih-Fu},
  journal={arXiv preprint arXiv:1809.04157},
  year={2018}
}
@inproceedings{jang2016categorical,
  title={Categorical reparameterization with gumbel-softmax},
  author={Jang, Eric and Gu, Shixiang and Poole, Ben},
  booktitle = {Proc. of the International Conference on Learning Representations (ICLR)},
  year={2016}
}

@inproceedings{d2019training,
  title={Training language gans from scratch},
  author={d'Autume, Cyprien de Masson and Rosca, Mihaela and Rae, Jack and Mohamed, Shakir},
  booktitle = {Proc. of Neural Information Processing Systems (NeurIPS)},
  year={2019}
}
% KL CONTROL
@inproceedings{jaques2017sequence,
  title={Sequence tutor: Conservative fine-tuning of sequence generation models with kl-control},
  author={Jaques, Natasha and Gu, Shixiang and Bahdanau, Dzmitry and Hern{\'a}ndez-Lobato, Jos{\'e} Miguel and Turner, Richard E and Eck, Douglas},
  booktitle={Proc. of International Conference on Machine Learning (ICML)},
  year={2017},
}

